<record><leader>00000cas a22000007a 4500</leader><controlfield tag="001">9430183</controlfield><controlfield tag="008">830420d19051960ohudr ne      0    0eng d</controlfield><datafield ind1=" " ind2=" " tag="010"><subfield code="a">sn 83035104 </subfield></datafield><datafield ind1=" " ind2=" " tag="040"><subfield code="a">NPY</subfield><subfield code="b">eng</subfield><subfield code="c">NPY</subfield><subfield code="d">DLC</subfield><subfield code="d">ONP</subfield><subfield code="d">DLC</subfield><subfield code="d">OCL</subfield><subfield code="d">ONP</subfield><subfield code="d">MGN</subfield><subfield code="d">CRL</subfield><subfield code="d">OCLCQ</subfield><subfield code="d">CRL</subfield><subfield code="d">OCLCA</subfield><subfield code="d">OCLCF</subfield></datafield><datafield ind1=" " ind2=" " tag="019"><subfield code="a">11407780</subfield><subfield code="a">11407798</subfield></datafield><datafield ind1="1" ind2=" " tag="029"><subfield code="a">AU@</subfield><subfield code="b">000020294804</subfield></datafield><datafield ind1="1" ind2=" " tag="029"><subfield code="a">ZWZ</subfield><subfield code="b">165953004</subfield></datafield><datafield ind1=" " ind2=" " tag="042"><subfield code="a">msc</subfield></datafield><datafield ind1=" " ind2=" " tag="043"><subfield code="a">n-us-oh</subfield></datafield><datafield ind1="0" ind2=" " tag="130"><subfield code="a">Cleveland news (Cleveland, Ohio)</subfield></datafield><datafield ind1="0" ind2="4" tag="245"><subfield code="a">The Cleveland news.</subfield></datafield><datafield ind1="3" ind2="0" tag="246"><subfield code="a">Sunday news and leader</subfield></datafield><datafield ind1="3" ind2="0" tag="246"><subfield code="a">Sunday leader</subfield></datafield><datafield ind1="3" ind2="0" tag="246"><subfield code="a">Sunday news-leader</subfield></datafield><datafield ind1="3" ind2="0" tag="246"><subfield code="a">Cleveland news and Sunday leader</subfield></datafield><datafield ind1="3" ind2="0" tag="246"><subfield code="a">Cleveland Sunday news</subfield></datafield><datafield ind1="3" ind2="0" tag="246"><subfield code="a">News</subfield></datafield><datafield ind1=" " ind2=" " tag="260"><subfield code="a">Cleveland [Ohio] :</subfield><subfield code="b">C.A. Otis,</subfield><subfield code="c">1905-1960.</subfield></datafield><datafield ind1=" " ind2=" " tag="300"><subfield code="a">55 v.</subfield></datafield><datafield ind1=" " ind2=" " tag="310"><subfield code="a">Daily</subfield></datafield><datafield ind1="0" ind2=" " tag="362"><subfield code="a">Vol. 64, no. 217 (Sept. 13, 1905)-v. 119, no. 20 (Jan. 23, 1960).</subfield></datafield><datafield ind1=" " ind2=" " tag="500"><subfield code="a">Sometimes published as: News.</subfield></datafield><datafield ind1=" " ind2=" " tag="500"><subfield code="a">"Comprises the World, News and herald, and Evening plain dealer."</subfield></datafield><datafield ind1=" " ind2=" " tag="500"><subfield code="a">On Sundays published as: Sunday news and leader, Sept. 2-16, 1917; and: Sunday leader, Sept. 23, 1917-Aug. 18, 1918; and: Sunday news-leader, Aug. 25, 1918-Mar. 1, 1925; and: Cleveland news and Sunday leader, Mar. 1-Apr. 5, 1925; and: Cleveland Sunday news; Mar. 9, 1930-Dec. 25, 1932.</subfield></datafield><datafield ind1=" " ind2=" " tag="515"><subfield code="a">No issues published between Jan. 4 and Feb. 6, 1946.</subfield></datafield><datafield ind1=" " ind2=" " tag="530"><subfield code="a">Also available on microfilm from UMI.</subfield></datafield><datafield ind1=" " ind2="0" tag="651"><subfield code="a">Cleveland (Ohio)</subfield><subfield code="v">Newspapers.</subfield></datafield><datafield ind1=" " ind2="0" tag="651"><subfield code="a">Cuyahoga County (Ohio)</subfield><subfield code="v">Newspapers.</subfield></datafield><datafield ind1=" " ind2="7" tag="655"><subfield code="a">Newspapers.</subfield><subfield code="2">fast</subfield><subfield code="0">(OCoLC)fst01423814</subfield></datafield><datafield ind1=" " ind2="7" tag="651"><subfield code="a">Ohio</subfield><subfield code="z">Cleveland.</subfield><subfield code="2">fast</subfield><subfield code="0">(OCoLC)fst01205966</subfield></datafield><datafield ind1=" " ind2="7" tag="651"><subfield code="a">Ohio</subfield><subfield code="z">Cuyahoga County.</subfield><subfield code="2">fast</subfield><subfield code="0">(OCoLC)fst01202752</subfield></datafield><datafield ind1=" " ind2=" " tag="752"><subfield code="a">United States</subfield><subfield code="b">Ohio</subfield><subfield code="c">Cuyahoga</subfield><subfield code="d">Cleveland.</subfield></datafield><datafield ind1="0" ind2="0" tag="780"><subfield code="t">Cleveland world-news and evening plain dealer</subfield><subfield code="w">(DLC)sn 83035115</subfield><subfield code="w">(OCoLC)9482909</subfield></datafield><datafield ind1="0" ind2="6" tag="780"><subfield code="t">Cleveland leader (Cleveland, Ohio : 1892)</subfield><subfield code="w">(DLC)sn 83035146</subfield><subfield code="w">(OCoLC)9541380</subfield></datafield><datafield ind1="0" ind2="7" tag="785"><subfield code="t">Cleveland press (Cleveland, Ohio : 1889)</subfield><subfield code="w">(DLC)sn 83035109</subfield><subfield code="w">(OCoLC)9486695</subfield></datafield><datafield ind1="0" ind2="7" tag="785"><subfield code="t">Cleveland press and Cleveland news</subfield><subfield code="w">(DLC)sn 85042422</subfield><subfield code="w">(OCoLC)12391673</subfield></datafield></record>